% Encoding: UTF-8

%ingresar bibliografia a través de mendeley, jabref u otros métodos para simplificar 
